@Misc{wikipedia:categorical_distribution,
    Author        = {Wikipedia},
    Month         = {December},
    Note          = {URL: \url{https://en.wikipedia.org/wiki/Categorical_distribution}; accessed December 9, 2015},
    Title         = {Categorical distribution},
    Year          = {2015},
}

% TODO: Add author and specific pointers to CLang and GCC source codes.
% TODO: Add pointer to the ISO standard.
@Misc{STL,
    Title         = {C++ Standard Library}
}

